@TechReport{JS06,
  author =       "J. Sample",
  title =        "{On the Possibility of the Impossible}",
  institution =  "Jacobs University Bremen",
  month =        sep,
  year =         "2010",
}